<?xml version="1.0" encoding="UTF-8"?><record xmlns="http://www.loc.gov/MARC21/slim" xmlns:cinclude="http://apache.org/cocoon/include/1.0" xmlns:zs="http://www.loc.gov/zing/srw/">
  <leader>00537nz  a2200133n  4500</leader>
  <controlfield tag="001">n  85009217 </controlfield>
  <controlfield tag="003">DLC</controlfield>
  <controlfield tag="005">19850415000000.0</controlfield>
  <controlfield tag="008">850313n| acannaab|          |a aaa |||  </controlfield>
  <datafield tag="010" ind1=" " ind2=" ">
    <subfield code="a">n  85009217 </subfield>
  </datafield>
  <datafield tag="040" ind1=" " ind2=" ">
    <subfield code="a">IU</subfield>
    <subfield code="c">DLC</subfield>
  </datafield>
  <datafield tag="100" ind1="1" ind2="0">
    <subfield code="a">Kuznet︠s︡ov, V. A.</subfield>
    <subfield code="q">(Viktor Anatolʹevich)</subfield>
  </datafield>
  <datafield tag="400" ind1="1" ind2="0">
    <subfield code="a">Kuznet︠s︡ov, Viktor Anatolʹevich</subfield>
  </datafield>
  <datafield tag="670" ind1=" " ind2=" ">
    <subfield code="a">His Zarabotnai︠a︡ plata pri sot︠s︡ializme i sovershenstvovanie ee organizat︠s︡ii na sovremennom ėtape, 1961:</subfield>
    <subfield code="b">t.p. (V.A. Kuznet︠s︡ov) verso t.p. (Viktor Anatolʹevich Kuznet︠s︡ov)</subfield>
  </datafield>
</record>